%YAML 1.1
%TAG !u! tag:unity3d.com,2011:
--- !u!1 &1217168870532282722
GameObject:
  m_ObjectHideFlags: 0
  m_CorrespondingSourceObject: {fileID: 0}
  m_PrefabInstance: {fileID: 0}
  m_PrefabAsset: {fileID: 0}
  serializedVersion: 6
  m_Component:
  - component: {fileID: 3167949365216894178}
  - component: {fileID: 8574569589481733192}
  - component: {fileID: 1120842862593482746}
  m_Layer: 5
  m_Name: Checkmark
  m_TagString: Untagged
  m_Icon: {fileID: 0}
  m_NavMeshLayer: 0
  m_StaticEditorFlags: 0
  m_IsActive: 1
--- !u!224 &3167949365216894178
RectTransform:
  m_ObjectHideFlags: 0
  m_CorrespondingSourceObject: {fileID: 0}
  m_PrefabInstance: {fileID: 0}
  m_PrefabAsset: {fileID: 0}
  m_GameObject: {fileID: 1217168870532282722}
  m_LocalRotation: {x: -0, y: -0, z: -0, w: 1}
  m_LocalPosition: {x: 0, y: 0, z: 0}
  m_LocalScale: {x: 1, y: 1, z: 1}
  m_Children: []
  m_Father: {fileID: 2824016981896179302}
  m_RootOrder: 0
  m_LocalEulerAnglesHint: {x: 0, y: 0, z: 0}
  m_AnchorMin: {x: 0.5, y: 0.5}
  m_AnchorMax: {x: 0.5, y: 0.5}
  m_AnchoredPosition: {x: 0, y: 0}
  m_SizeDelta: {x: 40, y: 40}
  m_Pivot: {x: 0.5, y: 0.5}
--- !u!222 &8574569589481733192
CanvasRenderer:
  m_ObjectHideFlags: 0
  m_CorrespondingSourceObject: {fileID: 0}
  m_PrefabInstance: {fileID: 0}
  m_PrefabAsset: {fileID: 0}
  m_GameObject: {fileID: 1217168870532282722}
  m_CullTransparentMesh: 1
--- !u!114 &1120842862593482746
MonoBehaviour:
  m_ObjectHideFlags: 0
  m_CorrespondingSourceObject: {fileID: 0}
  m_PrefabInstance: {fileID: 0}
  m_PrefabAsset: {fileID: 0}
  m_GameObject: {fileID: 1217168870532282722}
  m_Enabled: 1
  m_EditorHideFlags: 0
  m_Script: {fileID: 11500000, guid: fe87c0e1cc204ed48ad3b37840f39efc, type: 3}
  m_Name: 
  m_EditorClassIdentifier: 
  m_Material: {fileID: 0}
  m_Color: {r: 0.19575472, g: 0.7830189, b: 0.21277687, a: 1}
  m_RaycastTarget: 1
  m_RaycastPadding: {x: 0, y: 0, z: 0, w: 0}
  m_Maskable: 1
  m_OnCullStateChanged:
    m_PersistentCalls:
      m_Calls: []
  m_Sprite: {fileID: 21300000, guid: 5d08000fed55a8841ac25d11d716ba42, type: 3}
  m_Type: 1
  m_PreserveAspect: 0
  m_FillCenter: 1
  m_FillMethod: 4
  m_FillAmount: 1
  m_FillClockwise: 1
  m_FillOrigin: 0
  m_UseSpriteMesh: 0
  m_PixelsPerUnitMultiplier: 1
--- !u!114 &607060192303911249
MonoBehaviour:
  m_ObjectHideFlags: 0
  m_CorrespondingSourceObject: {fileID: 0}
  m_PrefabInstance: {fileID: 0}
  m_PrefabAsset: {fileID: 0}
  m_GameObject: {fileID: 1319543943086146054}
  m_Enabled: 1
  m_EditorHideFlags: 0
  m_Script: {fileID: 11500000, guid: d1310459a8b0445a989ae33cdf79590f, type: 3}
  m_Name: 
  m_EditorClassIdentifier: 
  _descriptionTmp: {fileID: 7745688350978810121}
  _toggle: {fileID: 2206862280921711416}
  _editButton: {fileID: 4009912581066972021}
--- !u!1 &4452151020439398856
GameObject:
  m_ObjectHideFlags: 0
  m_CorrespondingSourceObject: {fileID: 0}
  m_PrefabInstance: {fileID: 0}
  m_PrefabAsset: {fileID: 0}
  serializedVersion: 6
  m_Component:
  - component: {fileID: 8168763703389527093}
  - component: {fileID: 2206862280921711416}
  m_Layer: 5
  m_Name: Toggle
  m_TagString: Untagged
  m_Icon: {fileID: 0}
  m_NavMeshLayer: 0
  m_StaticEditorFlags: 0
  m_IsActive: 1
--- !u!224 &8168763703389527093
RectTransform:
  m_ObjectHideFlags: 0
  m_CorrespondingSourceObject: {fileID: 0}
  m_PrefabInstance: {fileID: 0}
  m_PrefabAsset: {fileID: 0}
  m_GameObject: {fileID: 4452151020439398856}
  m_LocalRotation: {x: -0, y: -0, z: -0, w: 1}
  m_LocalPosition: {x: 0, y: 0, z: 0}
  m_LocalScale: {x: 1, y: 1, z: 1}
  m_Children:
  - {fileID: 2824016981896179302}
  m_Father: {fileID: 366644026923621924}
  m_RootOrder: 2
  m_LocalEulerAnglesHint: {x: 0, y: 0, z: 0}
  m_AnchorMin: {x: 0, y: 0}
  m_AnchorMax: {x: 0, y: 0}
  m_AnchoredPosition: {x: 0, y: 0}
  m_SizeDelta: {x: 60, y: 60}
  m_Pivot: {x: 0.5, y: 0.5}
--- !u!114 &2206862280921711416
MonoBehaviour:
  m_ObjectHideFlags: 0
  m_CorrespondingSourceObject: {fileID: 0}
  m_PrefabInstance: {fileID: 0}
  m_PrefabAsset: {fileID: 0}
  m_GameObject: {fileID: 4452151020439398856}
  m_Enabled: 1
  m_EditorHideFlags: 0
  m_Script: {fileID: 11500000, guid: 9085046f02f69544eb97fd06b6048fe2, type: 3}
  m_Name: 
  m_EditorClassIdentifier: 
  m_Navigation:
    m_Mode: 3
    m_WrapAround: 0
    m_SelectOnUp: {fileID: 0}
    m_SelectOnDown: {fileID: 0}
    m_SelectOnLeft: {fileID: 0}
    m_SelectOnRight: {fileID: 0}
  m_Transition: 1
  m_Colors:
    m_NormalColor: {r: 1, g: 1, b: 1, a: 1}
    m_HighlightedColor: {r: 0.9607843, g: 0.9607843, b: 0.9607843, a: 1}
    m_PressedColor: {r: 0.78431374, g: 0.78431374, b: 0.78431374, a: 1}
    m_SelectedColor: {r: 0.9607843, g: 0.9607843, b: 0.9607843, a: 1}
    m_DisabledColor: {r: 0.78431374, g: 0.78431374, b: 0.78431374, a: 0.5019608}
    m_ColorMultiplier: 1
    m_FadeDuration: 0.1
  m_SpriteState:
    m_HighlightedSprite: {fileID: 0}
    m_PressedSprite: {fileID: 0}
    m_SelectedSprite: {fileID: 0}
    m_DisabledSprite: {fileID: 0}
  m_AnimationTriggers:
    m_NormalTrigger: Normal
    m_HighlightedTrigger: Highlighted
    m_PressedTrigger: Pressed
    m_SelectedTrigger: Selected
    m_DisabledTrigger: Disabled
  m_Interactable: 1
  m_TargetGraphic: {fileID: 4637729510011233433}
  toggleTransition: 1
  graphic: {fileID: 1120842862593482746}
  m_Group: {fileID: 0}
  onValueChanged:
    m_PersistentCalls:
      m_Calls: []
  m_IsOn: 1
--- !u!1 &5291827488417167039
GameObject:
  m_ObjectHideFlags: 0
  m_CorrespondingSourceObject: {fileID: 0}
  m_PrefabInstance: {fileID: 0}
  m_PrefabAsset: {fileID: 0}
  serializedVersion: 6
  m_Component:
  - component: {fileID: 2824016981896179302}
  - component: {fileID: 6801804457621323040}
  - component: {fileID: 4637729510011233433}
  m_Layer: 5
  m_Name: Background
  m_TagString: Untagged
  m_Icon: {fileID: 0}
  m_NavMeshLayer: 0
  m_StaticEditorFlags: 0
  m_IsActive: 1
--- !u!224 &2824016981896179302
RectTransform:
  m_ObjectHideFlags: 0
  m_CorrespondingSourceObject: {fileID: 0}
  m_PrefabInstance: {fileID: 0}
  m_PrefabAsset: {fileID: 0}
  m_GameObject: {fileID: 5291827488417167039}
  m_LocalRotation: {x: -0, y: -0, z: -0, w: 1}
  m_LocalPosition: {x: 0, y: 0, z: 0}
  m_LocalScale: {x: 1, y: 1, z: 1}
  m_Children:
  - {fileID: 3167949365216894178}
  m_Father: {fileID: 8168763703389527093}
  m_RootOrder: 0
  m_LocalEulerAnglesHint: {x: 0, y: 0, z: 0}
  m_AnchorMin: {x: 0.5, y: 0.5}
  m_AnchorMax: {x: 0.5, y: 0.5}
  m_AnchoredPosition: {x: 0, y: 0}
  m_SizeDelta: {x: 50, y: 50}
  m_Pivot: {x: 0.5, y: 0.5}
--- !u!222 &6801804457621323040
CanvasRenderer:
  m_ObjectHideFlags: 0
  m_CorrespondingSourceObject: {fileID: 0}
  m_PrefabInstance: {fileID: 0}
  m_PrefabAsset: {fileID: 0}
  m_GameObject: {fileID: 5291827488417167039}
  m_CullTransparentMesh: 1
--- !u!114 &4637729510011233433
MonoBehaviour:
  m_ObjectHideFlags: 0
  m_CorrespondingSourceObject: {fileID: 0}
  m_PrefabInstance: {fileID: 0}
  m_PrefabAsset: {fileID: 0}
  m_GameObject: {fileID: 5291827488417167039}
  m_Enabled: 1
  m_EditorHideFlags: 0
  m_Script: {fileID: 11500000, guid: fe87c0e1cc204ed48ad3b37840f39efc, type: 3}
  m_Name: 
  m_EditorClassIdentifier: 
  m_Material: {fileID: 0}
  m_Color: {r: 1, g: 1, b: 1, a: 1}
  m_RaycastTarget: 1
  m_RaycastPadding: {x: 0, y: 0, z: 0, w: 0}
  m_Maskable: 1
  m_OnCullStateChanged:
    m_PersistentCalls:
      m_Calls: []
  m_Sprite: {fileID: 21300000, guid: 5d08000fed55a8841ac25d11d716ba42, type: 3}
  m_Type: 1
  m_PreserveAspect: 0
  m_FillCenter: 1
  m_FillMethod: 4
  m_FillAmount: 1
  m_FillClockwise: 1
  m_FillOrigin: 0
  m_UseSpriteMesh: 0
  m_PixelsPerUnitMultiplier: 1
--- !u!1001 &3399830254132463320
PrefabInstance:
  m_ObjectHideFlags: 0
  serializedVersion: 2
  m_Modification:
    m_TransformParent: {fileID: 0}
    m_Modifications:
    - target: {fileID: 311456089819048625, guid: bcaaec3aaf8e64448a93ef7a6dcceeda,
        type: 3}
      propertyPath: m_IsActive
      value: 0
      objectReference: {fileID: 0}
    - target: {fileID: 880388558095296493, guid: bcaaec3aaf8e64448a93ef7a6dcceeda,
        type: 3}
      propertyPath: m_AnchorMax.y
      value: 0
      objectReference: {fileID: 0}
    - target: {fileID: 880388558095296493, guid: bcaaec3aaf8e64448a93ef7a6dcceeda,
        type: 3}
      propertyPath: m_AnchorMin.y
      value: 0
      objectReference: {fileID: 0}
    - target: {fileID: 880388558095296493, guid: bcaaec3aaf8e64448a93ef7a6dcceeda,
        type: 3}
      propertyPath: m_SizeDelta.x
      value: 0
      objectReference: {fileID: 0}
    - target: {fileID: 880388558095296493, guid: bcaaec3aaf8e64448a93ef7a6dcceeda,
        type: 3}
      propertyPath: m_SizeDelta.y
      value: 0
      objectReference: {fileID: 0}
    - target: {fileID: 880388558095296493, guid: bcaaec3aaf8e64448a93ef7a6dcceeda,
        type: 3}
      propertyPath: m_AnchoredPosition.x
      value: 212.91
      objectReference: {fileID: 0}
    - target: {fileID: 880388558095296493, guid: bcaaec3aaf8e64448a93ef7a6dcceeda,
        type: 3}
      propertyPath: m_AnchoredPosition.y
      value: 0
      objectReference: {fileID: 0}
    - target: {fileID: 2023640895127161955, guid: bcaaec3aaf8e64448a93ef7a6dcceeda,
        type: 3}
      propertyPath: m_AnchorMax.y
      value: 0
      objectReference: {fileID: 0}
    - target: {fileID: 2023640895127161955, guid: bcaaec3aaf8e64448a93ef7a6dcceeda,
        type: 3}
      propertyPath: m_AnchorMin.y
      value: 0
      objectReference: {fileID: 0}
    - target: {fileID: 2023640895127161955, guid: bcaaec3aaf8e64448a93ef7a6dcceeda,
        type: 3}
      propertyPath: m_SizeDelta.x
      value: 0
      objectReference: {fileID: 0}
    - target: {fileID: 2023640895127161955, guid: bcaaec3aaf8e64448a93ef7a6dcceeda,
        type: 3}
      propertyPath: m_SizeDelta.y
      value: 0
      objectReference: {fileID: 0}
    - target: {fileID: 2023640895127161955, guid: bcaaec3aaf8e64448a93ef7a6dcceeda,
        type: 3}
      propertyPath: m_AnchoredPosition.x
      value: 0
      objectReference: {fileID: 0}
    - target: {fileID: 2023640895127161955, guid: bcaaec3aaf8e64448a93ef7a6dcceeda,
        type: 3}
      propertyPath: m_AnchoredPosition.y
      value: 0
      objectReference: {fileID: 0}
    - target: {fileID: 3042194015068625148, guid: bcaaec3aaf8e64448a93ef7a6dcceeda,
        type: 3}
      propertyPath: m_Pivot.x
      value: 0.5
      objectReference: {fileID: 0}
    - target: {fileID: 3042194015068625148, guid: bcaaec3aaf8e64448a93ef7a6dcceeda,
        type: 3}
      propertyPath: m_Pivot.y
      value: 0.5
      objectReference: {fileID: 0}
    - target: {fileID: 3042194015068625148, guid: bcaaec3aaf8e64448a93ef7a6dcceeda,
        type: 3}
      propertyPath: m_RootOrder
      value: 0
      objectReference: {fileID: 0}
    - target: {fileID: 3042194015068625148, guid: bcaaec3aaf8e64448a93ef7a6dcceeda,
        type: 3}
      propertyPath: m_AnchorMax.x
      value: 0
      objectReference: {fileID: 0}
    - target: {fileID: 3042194015068625148, guid: bcaaec3aaf8e64448a93ef7a6dcceeda,
        type: 3}
      propertyPath: m_AnchorMax.y
      value: 0
      objectReference: {fileID: 0}
    - target: {fileID: 3042194015068625148, guid: bcaaec3aaf8e64448a93ef7a6dcceeda,
        type: 3}
      propertyPath: m_AnchorMin.x
      value: 0
      objectReference: {fileID: 0}
    - target: {fileID: 3042194015068625148, guid: bcaaec3aaf8e64448a93ef7a6dcceeda,
        type: 3}
      propertyPath: m_AnchorMin.y
      value: 0
      objectReference: {fileID: 0}
    - target: {fileID: 3042194015068625148, guid: bcaaec3aaf8e64448a93ef7a6dcceeda,
        type: 3}
      propertyPath: m_SizeDelta.x
      value: 0
      objectReference: {fileID: 0}
    - target: {fileID: 3042194015068625148, guid: bcaaec3aaf8e64448a93ef7a6dcceeda,
        type: 3}
      propertyPath: m_SizeDelta.y
      value: 0
      objectReference: {fileID: 0}
    - target: {fileID: 3042194015068625148, guid: bcaaec3aaf8e64448a93ef7a6dcceeda,
        type: 3}
      propertyPath: m_LocalPosition.x
      value: 0
      objectReference: {fileID: 0}
    - target: {fileID: 3042194015068625148, guid: bcaaec3aaf8e64448a93ef7a6dcceeda,
        type: 3}
      propertyPath: m_LocalPosition.y
      value: 0
      objectReference: {fileID: 0}
    - target: {fileID: 3042194015068625148, guid: bcaaec3aaf8e64448a93ef7a6dcceeda,
        type: 3}
      propertyPath: m_LocalPosition.z
      value: 0
      objectReference: {fileID: 0}
    - target: {fileID: 3042194015068625148, guid: bcaaec3aaf8e64448a93ef7a6dcceeda,
        type: 3}
      propertyPath: m_LocalRotation.w
      value: 1
      objectReference: {fileID: 0}
    - target: {fileID: 3042194015068625148, guid: bcaaec3aaf8e64448a93ef7a6dcceeda,
        type: 3}
      propertyPath: m_LocalRotation.x
      value: 0
      objectReference: {fileID: 0}
    - target: {fileID: 3042194015068625148, guid: bcaaec3aaf8e64448a93ef7a6dcceeda,
        type: 3}
      propertyPath: m_LocalRotation.y
      value: 0
      objectReference: {fileID: 0}
    - target: {fileID: 3042194015068625148, guid: bcaaec3aaf8e64448a93ef7a6dcceeda,
        type: 3}
      propertyPath: m_LocalRotation.z
      value: 0
      objectReference: {fileID: 0}
    - target: {fileID: 3042194015068625148, guid: bcaaec3aaf8e64448a93ef7a6dcceeda,
        type: 3}
      propertyPath: m_AnchoredPosition.x
      value: 0
      objectReference: {fileID: 0}
    - target: {fileID: 3042194015068625148, guid: bcaaec3aaf8e64448a93ef7a6dcceeda,
        type: 3}
      propertyPath: m_AnchoredPosition.y
      value: 0
      objectReference: {fileID: 0}
    - target: {fileID: 3042194015068625148, guid: bcaaec3aaf8e64448a93ef7a6dcceeda,
        type: 3}
      propertyPath: m_LocalEulerAnglesHint.x
      value: 0
      objectReference: {fileID: 0}
    - target: {fileID: 3042194015068625148, guid: bcaaec3aaf8e64448a93ef7a6dcceeda,
        type: 3}
      propertyPath: m_LocalEulerAnglesHint.y
      value: 0
      objectReference: {fileID: 0}
    - target: {fileID: 3042194015068625148, guid: bcaaec3aaf8e64448a93ef7a6dcceeda,
        type: 3}
      propertyPath: m_LocalEulerAnglesHint.z
      value: 0
      objectReference: {fileID: 0}
    - target: {fileID: 3288935776837259682, guid: bcaaec3aaf8e64448a93ef7a6dcceeda,
        type: 3}
      propertyPath: m_IsActive
      value: 0
      objectReference: {fileID: 0}
    - target: {fileID: 3291379121344345939, guid: bcaaec3aaf8e64448a93ef7a6dcceeda,
        type: 3}
      propertyPath: m_AnchorMax.y
      value: 1
      objectReference: {fileID: 0}
    - target: {fileID: 3291379121344345939, guid: bcaaec3aaf8e64448a93ef7a6dcceeda,
        type: 3}
      propertyPath: m_AnchorMin.y
      value: 1
      objectReference: {fileID: 0}
    - target: {fileID: 3291379121344345939, guid: bcaaec3aaf8e64448a93ef7a6dcceeda,
        type: 3}
      propertyPath: m_SizeDelta.x
      value: 216.7949
      objectReference: {fileID: 0}
    - target: {fileID: 3291379121344345939, guid: bcaaec3aaf8e64448a93ef7a6dcceeda,
        type: 3}
      propertyPath: m_SizeDelta.y
      value: 50
      objectReference: {fileID: 0}
    - target: {fileID: 3291379121344345939, guid: bcaaec3aaf8e64448a93ef7a6dcceeda,
        type: 3}
      propertyPath: m_AnchoredPosition.x
      value: 113.39745
      objectReference: {fileID: 0}
    - target: {fileID: 3291379121344345939, guid: bcaaec3aaf8e64448a93ef7a6dcceeda,
        type: 3}
      propertyPath: m_AnchoredPosition.y
      value: -25
      objectReference: {fileID: 0}
    - target: {fileID: 3634380398677942649, guid: bcaaec3aaf8e64448a93ef7a6dcceeda,
        type: 3}
      propertyPath: m_AnchorMax.x
      value: 1
      objectReference: {fileID: 0}
    - target: {fileID: 3634380398677942649, guid: bcaaec3aaf8e64448a93ef7a6dcceeda,
        type: 3}
      propertyPath: m_AnchorMax.y
      value: 0.5
      objectReference: {fileID: 0}
    - target: {fileID: 3634380398677942649, guid: bcaaec3aaf8e64448a93ef7a6dcceeda,
        type: 3}
      propertyPath: m_AnchorMin.x
      value: 1
      objectReference: {fileID: 0}
    - target: {fileID: 3634380398677942649, guid: bcaaec3aaf8e64448a93ef7a6dcceeda,
        type: 3}
      propertyPath: m_AnchorMin.y
      value: 0.5
      objectReference: {fileID: 0}
    - target: {fileID: 3634380398677942649, guid: bcaaec3aaf8e64448a93ef7a6dcceeda,
        type: 3}
      propertyPath: m_SizeDelta.x
      value: 40
      objectReference: {fileID: 0}
    - target: {fileID: 3634380398677942649, guid: bcaaec3aaf8e64448a93ef7a6dcceeda,
        type: 3}
      propertyPath: m_SizeDelta.y
      value: 40
      objectReference: {fileID: 0}
    - target: {fileID: 3634380398677942649, guid: bcaaec3aaf8e64448a93ef7a6dcceeda,
        type: 3}
      propertyPath: m_AnchoredPosition.x
      value: -25
      objectReference: {fileID: 0}
    - target: {fileID: 3634380398677942649, guid: bcaaec3aaf8e64448a93ef7a6dcceeda,
        type: 3}
      propertyPath: m_AnchoredPosition.y
      value: 0
      objectReference: {fileID: 0}
    - target: {fileID: 4034293990684452681, guid: bcaaec3aaf8e64448a93ef7a6dcceeda,
        type: 3}
      propertyPath: m_AnchorMax.y
      value: 1
      objectReference: {fileID: 0}
    - target: {fileID: 4035708209116501791, guid: bcaaec3aaf8e64448a93ef7a6dcceeda,
        type: 3}
      propertyPath: m_IsActive
      value: 0
      objectReference: {fileID: 0}
    - target: {fileID: 4422932462067909854, guid: bcaaec3aaf8e64448a93ef7a6dcceeda,
        type: 3}
      propertyPath: m_Name
      value: GDPanelElement_Boolean
      objectReference: {fileID: 0}
    - target: {fileID: 6460655456738285523, guid: bcaaec3aaf8e64448a93ef7a6dcceeda,
        type: 3}
      propertyPath: m_IsActive
      value: 0
      objectReference: {fileID: 0}
    - target: {fileID: 6907883356108484014, guid: bcaaec3aaf8e64448a93ef7a6dcceeda,
        type: 3}
      propertyPath: m_IsActive
      value: 0
      objectReference: {fileID: 0}
    - target: {fileID: 7339003060081281769, guid: bcaaec3aaf8e64448a93ef7a6dcceeda,
        type: 3}
      propertyPath: m_SizeDelta.x
      value: 25
      objectReference: {fileID: 0}
    - target: {fileID: 7339003060081281769, guid: bcaaec3aaf8e64448a93ef7a6dcceeda,
        type: 3}
      propertyPath: m_SizeDelta.y
      value: 25
      objectReference: {fileID: 0}
    - target: {fileID: 7414104317359110996, guid: bcaaec3aaf8e64448a93ef7a6dcceeda,
        type: 3}
      propertyPath: m_Padding.m_Right
      value: 5
      objectReference: {fileID: 0}
    - target: {fileID: 7819072492581255888, guid: bcaaec3aaf8e64448a93ef7a6dcceeda,
        type: 3}
      propertyPath: m_AnchorMax.y
      value: 1
      objectReference: {fileID: 0}
    - target: {fileID: 7986113696709286567, guid: bcaaec3aaf8e64448a93ef7a6dcceeda,
        type: 3}
      propertyPath: m_IsActive
      value: 0
      objectReference: {fileID: 0}
    - target: {fileID: 8674097945996387182, guid: bcaaec3aaf8e64448a93ef7a6dcceeda,
        type: 3}
      propertyPath: m_IsActive
      value: 0
      objectReference: {fileID: 0}
    - target: {fileID: 8841825462381459925, guid: bcaaec3aaf8e64448a93ef7a6dcceeda,
        type: 3}
      propertyPath: m_IsActive
      value: 1
      objectReference: {fileID: 0}
    - target: {fileID: 9052928013333141932, guid: bcaaec3aaf8e64448a93ef7a6dcceeda,
        type: 3}
      propertyPath: m_IsActive
      value: 0
      objectReference: {fileID: 0}
    m_RemovedComponents: []
  m_SourcePrefab: {fileID: 100100000, guid: bcaaec3aaf8e64448a93ef7a6dcceeda, type: 3}
--- !u!1 &1319543943086146054 stripped
GameObject:
  m_CorrespondingSourceObject: {fileID: 4422932462067909854, guid: bcaaec3aaf8e64448a93ef7a6dcceeda,
    type: 3}
  m_PrefabInstance: {fileID: 3399830254132463320}
  m_PrefabAsset: {fileID: 0}
--- !u!224 &366644026923621924 stripped
RectTransform:
  m_CorrespondingSourceObject: {fileID: 3042194015068625148, guid: bcaaec3aaf8e64448a93ef7a6dcceeda,
    type: 3}
  m_PrefabInstance: {fileID: 3399830254132463320}
  m_PrefabAsset: {fileID: 0}
--- !u!114 &7745688350978810121 stripped
MonoBehaviour:
  m_CorrespondingSourceObject: {fileID: 4922620339814934481, guid: bcaaec3aaf8e64448a93ef7a6dcceeda,
    type: 3}
  m_PrefabInstance: {fileID: 3399830254132463320}
  m_PrefabAsset: {fileID: 0}
  m_GameObject: {fileID: 0}
  m_Enabled: 1
  m_EditorHideFlags: 0
  m_Script: {fileID: 11500000, guid: f4688fdb7df04437aeb418b961361dc5, type: 3}
  m_Name: 
  m_EditorClassIdentifier: 
--- !u!114 &4009912581066972021 stripped
MonoBehaviour:
  m_CorrespondingSourceObject: {fileID: 1767818595111067053, guid: bcaaec3aaf8e64448a93ef7a6dcceeda,
    type: 3}
  m_PrefabInstance: {fileID: 3399830254132463320}
  m_PrefabAsset: {fileID: 0}
  m_GameObject: {fileID: 0}
  m_Enabled: 1
  m_EditorHideFlags: 0
  m_Script: {fileID: 11500000, guid: 4e29b1a8efbd4b44bb3f3716e73f07ff, type: 3}
  m_Name: 
  m_EditorClassIdentifier: 
