%YAML 1.1
%TAG !u! tag:unity3d.com,2011:
--- !u!114 &1052795347000444630
MonoBehaviour:
  m_ObjectHideFlags: 0
  m_CorrespondingSourceObject: {fileID: 0}
  m_PrefabInstance: {fileID: 0}
  m_PrefabAsset: {fileID: 0}
  m_GameObject: {fileID: 3811480377943525855}
  m_Enabled: 1
  m_EditorHideFlags: 0
  m_Script: {fileID: 11500000, guid: 3620d4c09fc74ba6ba40151726a939bb, type: 3}
  m_Name: 
  m_EditorClassIdentifier: 
  _descriptionTmp: {fileID: 5608346616242121424}
  _editButton: {fileID: 1228635194056298668}
  _inputField: {fileID: 4593244354444513885}
  _valueTmp: {fileID: 3210612371088637530}
--- !u!1001 &7351111938639728777
PrefabInstance:
  m_ObjectHideFlags: 0
  serializedVersion: 2
  m_Modification:
    m_TransformParent: {fileID: 0}
    m_Modifications:
    - target: {fileID: 3375448105074143497, guid: a808649879d13804db4b5436ee5dd61f,
        type: 3}
      propertyPath: m_AnchorMax.y
      value: 0
      objectReference: {fileID: 0}
    - target: {fileID: 3375448105074143497, guid: a808649879d13804db4b5436ee5dd61f,
        type: 3}
      propertyPath: m_AnchorMin.y
      value: 0
      objectReference: {fileID: 0}
    - target: {fileID: 3375448105074143497, guid: a808649879d13804db4b5436ee5dd61f,
        type: 3}
      propertyPath: m_SizeDelta.x
      value: 0
      objectReference: {fileID: 0}
    - target: {fileID: 3375448105074143497, guid: a808649879d13804db4b5436ee5dd61f,
        type: 3}
      propertyPath: m_SizeDelta.y
      value: 0
      objectReference: {fileID: 0}
    - target: {fileID: 3375448105074143497, guid: a808649879d13804db4b5436ee5dd61f,
        type: 3}
      propertyPath: m_AnchoredPosition.x
      value: 215.295
      objectReference: {fileID: 0}
    - target: {fileID: 3375448105074143497, guid: a808649879d13804db4b5436ee5dd61f,
        type: 3}
      propertyPath: m_AnchoredPosition.y
      value: 0
      objectReference: {fileID: 0}
    - target: {fileID: 5023799043111060852, guid: a808649879d13804db4b5436ee5dd61f,
        type: 3}
      propertyPath: m_Pivot.x
      value: 0.5
      objectReference: {fileID: 0}
    - target: {fileID: 5023799043111060852, guid: a808649879d13804db4b5436ee5dd61f,
        type: 3}
      propertyPath: m_Pivot.y
      value: 0.5
      objectReference: {fileID: 0}
    - target: {fileID: 5023799043111060852, guid: a808649879d13804db4b5436ee5dd61f,
        type: 3}
      propertyPath: m_RootOrder
      value: 0
      objectReference: {fileID: 0}
    - target: {fileID: 5023799043111060852, guid: a808649879d13804db4b5436ee5dd61f,
        type: 3}
      propertyPath: m_AnchorMax.x
      value: 0
      objectReference: {fileID: 0}
    - target: {fileID: 5023799043111060852, guid: a808649879d13804db4b5436ee5dd61f,
        type: 3}
      propertyPath: m_AnchorMax.y
      value: 0
      objectReference: {fileID: 0}
    - target: {fileID: 5023799043111060852, guid: a808649879d13804db4b5436ee5dd61f,
        type: 3}
      propertyPath: m_AnchorMin.x
      value: 0
      objectReference: {fileID: 0}
    - target: {fileID: 5023799043111060852, guid: a808649879d13804db4b5436ee5dd61f,
        type: 3}
      propertyPath: m_AnchorMin.y
      value: 0
      objectReference: {fileID: 0}
    - target: {fileID: 5023799043111060852, guid: a808649879d13804db4b5436ee5dd61f,
        type: 3}
      propertyPath: m_SizeDelta.x
      value: 0
      objectReference: {fileID: 0}
    - target: {fileID: 5023799043111060852, guid: a808649879d13804db4b5436ee5dd61f,
        type: 3}
      propertyPath: m_SizeDelta.y
      value: 0
      objectReference: {fileID: 0}
    - target: {fileID: 5023799043111060852, guid: a808649879d13804db4b5436ee5dd61f,
        type: 3}
      propertyPath: m_LocalPosition.x
      value: 0
      objectReference: {fileID: 0}
    - target: {fileID: 5023799043111060852, guid: a808649879d13804db4b5436ee5dd61f,
        type: 3}
      propertyPath: m_LocalPosition.y
      value: 0
      objectReference: {fileID: 0}
    - target: {fileID: 5023799043111060852, guid: a808649879d13804db4b5436ee5dd61f,
        type: 3}
      propertyPath: m_LocalPosition.z
      value: 0
      objectReference: {fileID: 0}
    - target: {fileID: 5023799043111060852, guid: a808649879d13804db4b5436ee5dd61f,
        type: 3}
      propertyPath: m_LocalRotation.w
      value: 1
      objectReference: {fileID: 0}
    - target: {fileID: 5023799043111060852, guid: a808649879d13804db4b5436ee5dd61f,
        type: 3}
      propertyPath: m_LocalRotation.x
      value: 0
      objectReference: {fileID: 0}
    - target: {fileID: 5023799043111060852, guid: a808649879d13804db4b5436ee5dd61f,
        type: 3}
      propertyPath: m_LocalRotation.y
      value: 0
      objectReference: {fileID: 0}
    - target: {fileID: 5023799043111060852, guid: a808649879d13804db4b5436ee5dd61f,
        type: 3}
      propertyPath: m_LocalRotation.z
      value: 0
      objectReference: {fileID: 0}
    - target: {fileID: 5023799043111060852, guid: a808649879d13804db4b5436ee5dd61f,
        type: 3}
      propertyPath: m_AnchoredPosition.x
      value: 0
      objectReference: {fileID: 0}
    - target: {fileID: 5023799043111060852, guid: a808649879d13804db4b5436ee5dd61f,
        type: 3}
      propertyPath: m_AnchoredPosition.y
      value: 0
      objectReference: {fileID: 0}
    - target: {fileID: 5023799043111060852, guid: a808649879d13804db4b5436ee5dd61f,
        type: 3}
      propertyPath: m_LocalEulerAnglesHint.x
      value: 0
      objectReference: {fileID: 0}
    - target: {fileID: 5023799043111060852, guid: a808649879d13804db4b5436ee5dd61f,
        type: 3}
      propertyPath: m_LocalEulerAnglesHint.y
      value: 0
      objectReference: {fileID: 0}
    - target: {fileID: 5023799043111060852, guid: a808649879d13804db4b5436ee5dd61f,
        type: 3}
      propertyPath: m_LocalEulerAnglesHint.z
      value: 0
      objectReference: {fileID: 0}
    - target: {fileID: 5972191373790746966, guid: a808649879d13804db4b5436ee5dd61f,
        type: 3}
      propertyPath: m_Name
      value: GDPanelElement_InputField_Int
      objectReference: {fileID: 0}
    - target: {fileID: 6465513457016554196, guid: a808649879d13804db4b5436ee5dd61f,
        type: 3}
      propertyPath: m_ContentType
      value: 2
      objectReference: {fileID: 0}
    - target: {fileID: 6465513457016554196, guid: a808649879d13804db4b5436ee5dd61f,
        type: 3}
      propertyPath: m_KeyboardType
      value: 4
      objectReference: {fileID: 0}
    - target: {fileID: 6465513457016554196, guid: a808649879d13804db4b5436ee5dd61f,
        type: 3}
      propertyPath: m_CharacterValidation
      value: 2
      objectReference: {fileID: 0}
    - target: {fileID: 7185442012881992293, guid: a808649879d13804db4b5436ee5dd61f,
        type: 3}
      propertyPath: m_AnchorMax.y
      value: 0
      objectReference: {fileID: 0}
    - target: {fileID: 7185442012881992293, guid: a808649879d13804db4b5436ee5dd61f,
        type: 3}
      propertyPath: m_AnchorMin.y
      value: 0
      objectReference: {fileID: 0}
    - target: {fileID: 7185442012881992293, guid: a808649879d13804db4b5436ee5dd61f,
        type: 3}
      propertyPath: m_SizeDelta.x
      value: 0
      objectReference: {fileID: 0}
    - target: {fileID: 7185442012881992293, guid: a808649879d13804db4b5436ee5dd61f,
        type: 3}
      propertyPath: m_SizeDelta.y
      value: 0
      objectReference: {fileID: 0}
    - target: {fileID: 7185442012881992293, guid: a808649879d13804db4b5436ee5dd61f,
        type: 3}
      propertyPath: m_AnchoredPosition.x
      value: 212.91
      objectReference: {fileID: 0}
    - target: {fileID: 7185442012881992293, guid: a808649879d13804db4b5436ee5dd61f,
        type: 3}
      propertyPath: m_AnchoredPosition.y
      value: 0
      objectReference: {fileID: 0}
    - target: {fileID: 7751460498573796261, guid: a808649879d13804db4b5436ee5dd61f,
        type: 3}
      propertyPath: m_AnchorMax.y
      value: 0
      objectReference: {fileID: 0}
    - target: {fileID: 7751460498573796261, guid: a808649879d13804db4b5436ee5dd61f,
        type: 3}
      propertyPath: m_AnchorMin.y
      value: 0
      objectReference: {fileID: 0}
    - target: {fileID: 7751460498573796261, guid: a808649879d13804db4b5436ee5dd61f,
        type: 3}
      propertyPath: m_SizeDelta.x
      value: 0
      objectReference: {fileID: 0}
    - target: {fileID: 7751460498573796261, guid: a808649879d13804db4b5436ee5dd61f,
        type: 3}
      propertyPath: m_AnchoredPosition.x
      value: 272.1
      objectReference: {fileID: 0}
    - target: {fileID: 7751460498573796261, guid: a808649879d13804db4b5436ee5dd61f,
        type: 3}
      propertyPath: m_AnchoredPosition.y
      value: 0
      objectReference: {fileID: 0}
    - target: {fileID: 8328703163253854699, guid: a808649879d13804db4b5436ee5dd61f,
        type: 3}
      propertyPath: m_AnchorMax.y
      value: 0
      objectReference: {fileID: 0}
    - target: {fileID: 8328703163253854699, guid: a808649879d13804db4b5436ee5dd61f,
        type: 3}
      propertyPath: m_AnchorMin.y
      value: 0
      objectReference: {fileID: 0}
    - target: {fileID: 8328703163253854699, guid: a808649879d13804db4b5436ee5dd61f,
        type: 3}
      propertyPath: m_SizeDelta.x
      value: 0
      objectReference: {fileID: 0}
    - target: {fileID: 8328703163253854699, guid: a808649879d13804db4b5436ee5dd61f,
        type: 3}
      propertyPath: m_SizeDelta.y
      value: 0
      objectReference: {fileID: 0}
    - target: {fileID: 8328703163253854699, guid: a808649879d13804db4b5436ee5dd61f,
        type: 3}
      propertyPath: m_AnchoredPosition.x
      value: 112.705
      objectReference: {fileID: 0}
    - target: {fileID: 8328703163253854699, guid: a808649879d13804db4b5436ee5dd61f,
        type: 3}
      propertyPath: m_AnchoredPosition.y
      value: 0
      objectReference: {fileID: 0}
    m_RemovedComponents: []
  m_SourcePrefab: {fileID: 100100000, guid: a808649879d13804db4b5436ee5dd61f, type: 3}
--- !u!1 &3811480377943525855 stripped
GameObject:
  m_CorrespondingSourceObject: {fileID: 5972191373790746966, guid: a808649879d13804db4b5436ee5dd61f,
    type: 3}
  m_PrefabInstance: {fileID: 7351111938639728777}
  m_PrefabAsset: {fileID: 0}
--- !u!114 &5608346616242121424 stripped
MonoBehaviour:
  m_CorrespondingSourceObject: {fileID: 3157230958590114393, guid: a808649879d13804db4b5436ee5dd61f,
    type: 3}
  m_PrefabInstance: {fileID: 7351111938639728777}
  m_PrefabAsset: {fileID: 0}
  m_GameObject: {fileID: 0}
  m_Enabled: 1
  m_EditorHideFlags: 0
  m_Script: {fileID: 11500000, guid: f4688fdb7df04437aeb418b961361dc5, type: 3}
  m_Name: 
  m_EditorClassIdentifier: 
--- !u!114 &1228635194056298668 stripped
MonoBehaviour:
  m_CorrespondingSourceObject: {fileID: 8577273093683527717, guid: a808649879d13804db4b5436ee5dd61f,
    type: 3}
  m_PrefabInstance: {fileID: 7351111938639728777}
  m_PrefabAsset: {fileID: 0}
  m_GameObject: {fileID: 0}
  m_Enabled: 1
  m_EditorHideFlags: 0
  m_Script: {fileID: 11500000, guid: 4e29b1a8efbd4b44bb3f3716e73f07ff, type: 3}
  m_Name: 
  m_EditorClassIdentifier: 
--- !u!114 &4593244354444513885 stripped
MonoBehaviour:
  m_CorrespondingSourceObject: {fileID: 6465513457016554196, guid: a808649879d13804db4b5436ee5dd61f,
    type: 3}
  m_PrefabInstance: {fileID: 7351111938639728777}
  m_PrefabAsset: {fileID: 0}
  m_GameObject: {fileID: 0}
  m_Enabled: 1
  m_EditorHideFlags: 0
  m_Script: {fileID: 11500000, guid: 2da0c512f12947e489f739169773d7ca, type: 3}
  m_Name: 
  m_EditorClassIdentifier: 
--- !u!114 &3210612371088637530 stripped
MonoBehaviour:
  m_CorrespondingSourceObject: {fileID: 5371113944615710419, guid: a808649879d13804db4b5436ee5dd61f,
    type: 3}
  m_PrefabInstance: {fileID: 7351111938639728777}
  m_PrefabAsset: {fileID: 0}
  m_GameObject: {fileID: 0}
  m_Enabled: 1
  m_EditorHideFlags: 0
  m_Script: {fileID: 11500000, guid: f4688fdb7df04437aeb418b961361dc5, type: 3}
  m_Name: 
  m_EditorClassIdentifier: 
